% This file was created with JabRef 2.4.2.
% Encoding: Cp1252


@article{abeyratne2016blockchain,
  title={Blockchain ready manufacturing supply chain using distributed ledger},
  author={Abeyratne, Saveen A and Monfared, Radmehr P},
  year={2016},
  publisher={{\copyright} The Authors. Published by eSAT}
}


@BOOK{bentley:1999,
  title = {{P}rogramming {P}earls},
  publisher = {Addison--Wesley},
  year = {1999},
  author = {Jon Bentley},
  address = {Boston, MA, USA},
  edition = {2nd}
}

@article{dietrich2015multi,
  title={Multi-provider virtual network embedding with limited information disclosure},
  author={Dietrich, David and Rizk, Amr and Papadimitriou, Panagiotis},
  journal={IEEE Transactions on Network and Service Management},
  volume={12},
  number={2},
  pages={188--201},
  year={2015},
  publisher={IEEE}
}

@misc{JenClarck2017,
  author = {Clarck, Jen},
  title = {{B}lockchain {T}echnology: the {N}ext {G}eneration of the {I}nternet},
  url = {\url{https://www.ibm.com/blogs/internet-of-things/keynote-don-tapscott-blockchain/}},
  journal = {Internet of Things blog},
  year = {2017},
  month = {March},
  note = {accessed:2017-11-27}

}

@misc{nakamoto2008bitcoin,
  title={Bitcoin: A peer-to-peer electronic cash system},
  author={Nakamoto, Satoshi},
  year={2008}
}


@book{swan2015blockchain,
  title={Blockchain: Blueprint for a new economy},
  author={Swan, Melanie},
  year={2015},
  publisher={" O'Reilly Media, Inc."}
}

@book{tapscott2016blockchain,
  title={Blockchain Revolution: How the technology behind Bitcoin is changing money, business, and the world},
  author={Tapscott, Don and Tapscott, Alex},
  year={2016},
  publisher={Penguin}
}


